<record><leader>00000cas a22000007a 4500</leader><controlfield tag="001">38579027</controlfield><controlfield tag="008">980310d19731980tnuwr ne      0    0eng d</controlfield><datafield ind1=" " ind2=" " tag="010"><subfield code="a">sn 98069752 </subfield></datafield><datafield ind1=" " ind2=" " tag="040"><subfield code="a">TGN</subfield><subfield code="b">eng</subfield><subfield code="c">TGN</subfield><subfield code="d">OCLCQ</subfield><subfield code="d">OCLCF</subfield><subfield code="d">OCLCO</subfield></datafield><datafield ind1="1" ind2=" " tag="029"><subfield code="a">AU@</subfield><subfield code="b">000013798308</subfield></datafield><datafield ind1=" " ind2=" " tag="042"><subfield code="a">msc</subfield></datafield><datafield ind1=" " ind2=" " tag="043"><subfield code="a">n-us-tn</subfield></datafield><datafield ind1="0" ind2="4" tag="245"><subfield code="a">The Millington Shelby star.</subfield></datafield><datafield ind1=" " ind2=" " tag="260"><subfield code="a">Millington, Tenn. :</subfield><subfield code="b">Star Pub. Co.,</subfield><subfield code="c">1973-1980.</subfield></datafield><datafield ind1=" " ind2=" " tag="300"><subfield code="a">v.</subfield></datafield><datafield ind1=" " ind2=" " tag="310"><subfield code="a">Weekly</subfield></datafield><datafield ind1="0" ind2=" " tag="362"><subfield code="a">Vol. 21, no. 33 (Aug. 16, 1973)-v. 28, no. 49 (Dec. 4, 1980).</subfield></datafield><datafield ind1=" " ind2=" " tag="580"><subfield code="a">Formed by the union of: Millington star (Millington, Tenn. : 1951), Munford star, Germantown star, Raleigh-Bartlett star, Frayser north Memphis star, Whitehaven Southaven star, and: Collierville star.</subfield></datafield><datafield ind1=" " ind2="0" tag="651"><subfield code="a">Millington (Tenn.)</subfield><subfield code="v">Newspapers.</subfield></datafield><datafield ind1=" " ind2="0" tag="651"><subfield code="a">Shelby County (Tenn.)</subfield><subfield code="v">Newspapers.</subfield></datafield><datafield ind1=" " ind2="7" tag="655"><subfield code="a">Newspapers.</subfield><subfield code="2">fast</subfield><subfield code="0">(OCoLC)fst01423814</subfield></datafield><datafield ind1=" " ind2="7" tag="651"><subfield code="a">Tennessee</subfield><subfield code="z">Millington.</subfield><subfield code="2">fast</subfield><subfield code="0">(OCoLC)fst01212012</subfield></datafield><datafield ind1=" " ind2="7" tag="651"><subfield code="a">Tennessee</subfield><subfield code="z">Shelby County.</subfield><subfield code="2">fast</subfield><subfield code="0">(OCoLC)fst01209894</subfield></datafield><datafield ind1=" " ind2=" " tag="752"><subfield code="a">United States</subfield><subfield code="b">Tennessee</subfield><subfield code="c">Shelby</subfield><subfield code="d">Millington.</subfield></datafield><datafield ind1="1" ind2="4" tag="780"><subfield code="t">Millington star (Millington, Tenn. : 1951)</subfield><subfield code="w">(DLC)sn 89058094</subfield></datafield><datafield ind1="1" ind2="4" tag="780"><subfield code="t">Munford star</subfield><subfield code="w">(DLC)sn 98069858</subfield></datafield><datafield ind1="1" ind2="4" tag="780"><subfield code="t">Germantown star</subfield><subfield code="w">(DLC)sn 98069852</subfield></datafield><datafield ind1="1" ind2="4" tag="780"><subfield code="t">Raleigh-Bartlett star</subfield><subfield code="w">(DLC)sn 98069859</subfield></datafield><datafield ind1="1" ind2="4" tag="780"><subfield code="t">Frayser north Memphis star</subfield><subfield code="w">(DLC)sn 98069861</subfield></datafield><datafield ind1="1" ind2="4" tag="780"><subfield code="t">Whitehaven Southaven star</subfield><subfield code="w">(DLC)sn 99065835</subfield></datafield><datafield ind1="1" ind2="4" tag="780"><subfield code="t">Collierville star</subfield><subfield code="w">(DLC)sn 98069898</subfield></datafield><datafield ind1="0" ind2="0" tag="785"><subfield code="t">Millington star (Millington, Tenn. : 1980)</subfield><subfield code="w">(DLC)sn 98069753</subfield></datafield></record>